% Encoding: UTF-8

@TechReport{NIST_Definition,
  author    = {Mell, Peter M. and Grance, Timothy},
  title     = {SP 800-145. The NIST Definition of Cloud Computing},
  year      = {2011},
  address   = {Gaithersburg, MD, United States},
  publisher = {National Institute of Standards \& Technology},
}

@INPROCEEDINGS{360-degree-compared, 
author={I. {Foster} and Y. {Zhao} and I. {Raicu} and S. {Lu}}, 
booktitle={2008 Grid Computing Environments Workshop}, 
title={Cloud Computing and Grid Computing 360-Degree Compared}, 
year={2008}, 
volume={}, 
number={}, 
pages={1-10}, 
keywords={grid computing;cloud computing;grid computing;utility computing;cluster computing;distributed system;Cloud computing;Grid computing;Distributed computing;Computer science;Large-scale systems;Standards organizations;Costs;Computer vision;Economies of scale;Laboratories}, 
doi={10.1109/GCE.2008.4738445}, 
ISSN={2152-1085}, 
month={Nov},}

@inproceedings{anatomy-of-grid,
author = {Foster, Ian and Kesselman, Carl and Tuecke, Steven},
year = {2001},
month = {08},
pages = {},
title = {The Anatomy of the Grid: Enabling Scalable Virtual Organizations},
volume = {2150},
journal = {International Journal of High Performance Computing Applications - IJHPCA},
doi = {10.1177/109434200101500302}
}

@article{grid-checklist,
author = {Foster, Ian},
year = {2002},
month = {01},
pages = {32-36},
title = {What is the Grid? A Three Point Checklist},
volume = {1},
journal = {GRID today}
}

@Comment{jabref-meta: databaseType:bibtex;}
